% [8]

@article{aravind2021machine,
    title = {Machine learning model for predicting the crack detection and pattern recognition of geopolymer concrete beams},
    journal = {Construction and Building Materials},
    volume = {297},
    pages = {123785},
    year = {2021},
    issn = {0950-0618},
    doi = {https://doi.org/10.1016/j.conbuildmat.2021.123785},
    url = {https://www.sciencedirect.com/science/article/pii/S0950061821015452},
    author = {N Aravind and S Nagajothi and S Elavenil}
}

% [9]

@article{sun2023employing,
    title = {Employing histogram of oriented gradient to enhance concrete crack detection performance with classification algorithm and Bayesian optimization},
    journal = {Engineering Failure Analysis},
    volume = {150},
    pages = {107351},
    year = {2023},
    issn = {1350-6307},
    doi = {https://doi.org/10.1016/j.engfailanal.2023.107351},
    url = {https://www.sciencedirect.com/science/article/pii/S1350630723003059},
    author = {Zhen Sun and Elsa Caetano and Sérgio Pereira and Carlos Moutinho}
}

%[10]

@Article{deleon2023new,
    AUTHOR = {de León, Gonzalo and Fiorentini, Nicholas and Leandri, Pietro and Losa, Massimo},
    TITLE = {A New Region-Based Minimal Path Selection Algorithm for Crack Detection and Ground Truth Labeling Exploiting Gabor Filters},
    JOURNAL = {Remote Sensing},
    VOLUME = {15},
    YEAR = {2023},
    NUMBER = {11},
    ARTICLE-NUMBER = {2722},
    URL = {https://www.mdpi.com/2072-4292/15/11/2722},
    ISSN = {2072-4292},
    DOI = {10.3390/rs15112722}
}

%[12]

Article{xu2021cnn,
AUTHOR = {Xu, Huiqing and Chen, Bin and Qin, Jian},
TITLE = {A CNN-Based Length-Aware Cascade Road Damage Detection Approach},
JOURNAL = {Sensors},
VOLUME = {21},
YEAR = {2021},
NUMBER = {3},
ARTICLE-NUMBER = {689},
URL = {https://www.mdpi.com/1424-8220/21/3/689},
PubMedID = {33498363},
ISSN = {1424-8220},
DOI = {10.3390/s21030689}
}

%[13]

@ARTICLE{samma2021evolving,
    author = {Samma, Hussein and Suandi, Shahrel Azmin and Ismail, Nor Azman and Sulaiman, Sarina and Ping, Lee Li},
    journal = {IEEE Access},
    title = {Evolving Pre-Trained CNN Using Two-Layers Optimizer for Road Damage Detection From Drone Images},
    year = {2021},
    volume = {9},
    number = {},
    pages = {158215-158226},
    doi = {10.1109/ACCESS.2021.3131231} }

%[14]

@Article{luo2023enhanced,
    AUTHOR = {Luo, Hui and Li, Chenbiao and Wu, Mingquan and Cai, Lianming},
    TITLE = {An Enhanced Lightweight Network for Road Damage Detection Based on Deep Learning},
    JOURNAL = {Electronics},
    VOLUME = {12},
    YEAR = {2023},
    NUMBER = {12},
    ARTICLE-NUMBER = {2583},
    URL = {https://www.mdpi.com/2079-9292/12/12/2583},
    ISSN = {2079-9292},
    DOI = {10.3390/electronics12122583}
}

%[21]

@article{kulambayev2023real,
    title = {Real-time road surface damage detection framework based on mask r-cnn model},
    author = {Kulambayev, Bakhytzhan and Nurlybek, Magzat and Astaubayeva, Gulnar and Tleuberdiyeva, Gulnara and Zholdasbayev, Serik and Tolep, Abdimukhan},
    journal = {International Journal of Advanced Computer Science and Applications},
    volume = {14},
    number = {9},
    year = {2023},
    publisher = {Science and Information (SAI) Organization Limited}
}

%[22]

@article{haciefendiouglu2022concrete,
    title = {Concrete road crack detection using deep learning-based faster R-CNN method},
    author = {Hac{\i}efendio{\u{g}}lu, Kemal and Ba{\c{s}}a{\u{g}}a, Hasan Basri},
    journal = {Iranian Journal of Science and Technology, Transactions of Civil Engineering},
    volume = {46},
    number = {2},
    pages = {1621--1633},
    year = {2022},
    publisher = {Springer}
}

%[40]

@INPROCEEDINGS{chen2023research,
    author = {Chen, Zhuohui and Wang, Dahao and Wang, Yezhe and Lin, Shunying and Jia, Haoran and Lin, Peixin and Liu, Yixian and Chen, Ling},
    booktitle = {2023 4th International Seminar on Artificial Intelligence, Networking and Information Technology (AINIT)},
    title = {Research and Implementation of Road Damage Detection Algorithm Based on Object Detection Network},
    year = {2023},
    volume = {},
    number = {},
    pages = {446-450},
    doi = {10.1109/AINIT59027.2023.10212930} }

%[43]

@INPROCEEDINGS{hasan2022road,
    author = {Hasan, Md. Mahadi and Sakib, Saadman and Deb, Kaushik},
    booktitle = {2022 4th International Conference on Electrical, Computer \& Telecommunication Engineering (ICECTE)},
    title = {Road Damage Detection and Classification using Deep Neural Network},
    year = {2022},
    volume = {},
    number = {},
    pages = {1-6},
    key = {value},
    doi = {10.1109/ICECTE57896.2022.10114508} }

%[44]

@article{wu2024utilize,
    title = {Utilize Data Augmentation and Flexi Corner Block for Road Damage Detection},
    author = {Wu, Zhaohui and Li, Zhaojia and Sun, XingLiang and Zhao, Runjing and Bai, Yingduo and Na, Jiang},
    Journal = {Research Square},
    year = {2024},
    doi = {10.21203/rs.3.rs-4570475/v1},
}

%[45]

@ARTICLE{chen2024lag,
    author = {Chen, Junxin and Yu, Xiaojie and Li, Qiankun and Wang, Wei and He, Ben-Guo},
    journal = {Journal of Intelligent Construction},
    title = {LAG-YOLO: Efficient Road Damage Detector via Lightweight Attention Ghost Module},
    year = {2024},
    volume = {2},
    number = {1},
    pages = {1-10},
    doi = {10.26599/JIC.2023.9180032} }

%[47]

@article{deepa2023effective,
    title = {An effective detection and classification of road damages using hybrid deep learning framework},
    author = {Deepa, D and Sivasangari, A},
    journal = {Multimedia Tools and Applications},
    volume = {82},
    number = {12},
    pages = {18151--18184},
    year = {2023},
    publisher = {Springer}
}

%[48]

@inproceedings{rakshitha2024deep,
    title = {Deep Convolutional Neural Networks for Automated Road Damage Detection},
    author = {Rakshitha, R and Srinath, S and Kumar, N Vinay and Rashmi, S and Poornima, BV},
    booktitle = {International Conference on Advanced Communications and Machine Intelligence},
    pages = {155--165},
    year = {2024},
    organization = {Springer}
}

%[1]

@misc{MOT2021,
    author = {Ministry of Transport of the People's Republic of China},
    title = {Interpretation of "2020 National Toll Road Statistical Bulletin"},
    year = {2021},
    month = {October 28},
    howpublished = {\url{https://xxgk.mot.gov.cn/2020/jigou/glj/202110/t20211027_3623202.html}},
    note = {Accessed: 2025-03-16}
}

%[2]

@article{miller2009crash,
    title = {On a crash course: The dangers and health costs of deficient roadways},
    author = {Miller, Ted R and Zaloshnja, Eduard},
    year = {2009}
}

%[3]

@INPROCEEDINGS{chatterjee2018fast,
    author = {Chatterjee, Anirban and Tsai, Yi-Chang},
    booktitle = {2018 26th European Signal Processing Conference (EUSIPCO)},
    title = {A Fast and Accurate Automated Pavement Crack Detection Algorithm},
    year = {2018},
    volume = {},
    number = {},
    pages = {2140-2144},
    doi = {10.23919/EUSIPCO.2018.8553388} }


%[4]

@article{shim2022road,
    title = {Road damage detection using super-resolution and semi-supervised learning with generative adversarial network},
    author = {Shim, Seungbo and Kim, Jin and Lee, Seong-Won and Cho, Gye-Chun},
    journal = {Automation in construction},
    volume = {135},
    pages = {104139},
    year = {2022},
    publisher = {Elsevier}
}

%[5]

@article{liang2022automatic,
    title = {Automatic recognition of road damage based on lightweight attentional convolutional neural network},
    author = {Liang, Han and Lee, Seong-Cheol and Seo, Suyoung},
    journal = {Sensors},
    volume = {22},
    number = {24},
    pages = {9599},
    year = {2022},
    publisher = {MDPI}
}

%[6]

@article{radopoulou2015detection,
    title = {Detection of multiple road defects for pavement condition assessment},
    author = {Radopoulou, Stefania C and Brilakis, Ioannis},
    journal = {Eindhoven, The Netherlands},
    year = {2015}
}

%[7]

@inproceedings{puspita2022road,
    title = {Road damage detection and alert application using smartphone’s built-in sensors},
    author = {Puspita, Dicha Nada and Basuki, Dwi Kurnia and Dewantara, Bima Sena Bayu},
    booktitle = {2022 International Electronics Symposium (IES)},
    pages = {506--510},
    year = {2022},
    organization = {IEEE}
}

%[11]


@inproceedings{zhang2016road,
    title = {Road crack detection using deep convolutional neural network},
    author = {Zhang, Lei and Yang, Fan and Zhang, Yimin Daniel and Zhu, Ying Julie},
    booktitle = {2016 IEEE international conference on image processing (ICIP)},
    pages = {3708--3712},
    year = {2016},
    organization = {IEEE}
}

%[15]

@article{chen2022novel,
    title = {A novel U-shaped encoder--decoder network with attention mechanism for detection and evaluation of road cracks at pixel level},
    author = {Chen, Jun and He, Ye},
    journal = {Computer-Aided Civil and Infrastructure Engineering},
    volume = {37},
    number = {13},
    pages = {1721--1736},
    year = {2022},
    publisher = {Wiley Online Library},
    doi = {10.1111/mice.12826}
}

%[16]

@article{xu2021cnn,
    title = {A CNN-based length-aware cascade road damage detection approach},
    author = {Xu, Huiqing and Chen, Bin and Qin, Jian},
    journal = {Sensors},
    volume = {21},
    number = {3},
    pages = {689},
    year = {2021},
    publisher = {MDPI},
    doi = {10.3390/s21030689}
}

%[17]

@inproceedings{sun2021improving,
    title = {Improving the efficiency and robustness of deepfakes detection through precise geometric features},
    author = {Sun, Zekun and Han, Yujie and Hua, Zeyu and Ruan, Na and Jia, Weijia},
    booktitle = {Proceedings of the IEEE/CVF Conference on Computer Vision and Pattern Recognition},
    pages = {3609--3618},
    year = {2021},
    doi = {10.48550/arXiv.2104.04480}
}

%[18]

@article{ren2015faster,
    title = {Faster r-cnn: Towards real-time object detection with region proposal networks},
    author = {Ren, Shaoqing and He, Kaiming and Girshick, Ross and Sun, Jian},
    journal = {Advances in neural information processing systems},
    volume = {28},
    year = {2015}
}

%[19]

%19.	S. Dorafshan, R. J. Thomas, M. J. C. Maguire, and B. Materials, "Comparison of deep convolutional neural networks and edge detectors for image-based crack detection in concrete," vol. 186, pp. 1031-1045, 2018.

@article{dorafshan2018comparison,
    title = {Comparison of deep convolutional neural networks and edge detectors for image-based crack detection in concrete},
    author = {Dorafshan, Sattar and Thomas, R J and Maguire, M J C},
    journal = {Construction and Building Materials},
    volume = {186},
    pages = {1031--1045},
    year = {2018},
    publisher = {Elsevier}
}

%[20]

@article{lecun1998gradient,
    title = {Gradient-based learning applied to document recognition},
    author = {LeCun, Yann and Bottou, L{\'e}on and Bengio, Yoshua and Haffner, Patrick},
    journal = {Proceedings of the IEEE},
    volume = {86},
    number = {11},
    pages = {2278--2324},
    year = {1998},
    publisher = {Ieee}
}

%[23]的前一个,RDD2018

@article{maeda2018road,
    title = {Road damage detection and classification using deep neural networks with smartphone images},
    author = {Maeda, Hiroya and Sekimoto, Yoshihide and Seto, Toshikazu and Kashiyama, Takehiro and Omata, Hiroshi},
    journal = {Computer-Aided Civil and Infrastructure Engineering},
    volume = {33},
    number = {12},
    pages = {1127--1141},
    year = {2018},
    publisher = {Wiley Online Library}
}

%[23]

@inproceedings{szegedy2016rethinking,
    title = {Rethinking the inception architecture for computer vision},
    author = {Szegedy, Christian and Vanhoucke, Vincent and Ioffe, Sergey and Shlens, Jon and Wojna, Zbigniew},
    booktitle = {Proceedings of the IEEE conference on computer vision and pattern recognition},
    pages = {2818--2826},
    year = {2016}
}

%[24]

@inproceedings{liu2016ssd,
    title = {Ssd: Single shot multibox detector},
    author = {Liu, Wei and Anguelov, Dragomir and Erhan, Dumitru and Szegedy, Christian and Reed, Scott and Fu, Cheng-Yang and Berg, Alexander C},
    booktitle = {Computer Vision--ECCV 2016: 14th European Conference, Amsterdam, The Netherlands, October 11--14, 2016, Proceedings, Part I 14},
    pages = {21--37},
    year = {2016},
    organization = {Springer}
}

%[25]
25.    A. G. Howard et al., "Mobilenets: Efficient convolutional neural networks for mobile vision applications," 2017.

@misc{howard2017mobilenet,
    title = {MobileNets: Efficient Convolutional Neural Networks for Mobile Vision Applications},
    author = {Andrew G. Howard and Menglong Zhu and Bo Chen and Dmitry Kalenichenko and Weijun Wang and Tobias Weyand and Marco Andreetto and Hartwig Adam},
    year = {2017},
    eprint = {1704.04861},
    archivePrefix = {arXiv},
    primaryClass = {cs.CV},
    url = {https://arxiv.org/abs/1704.04861}
}

%[26]

@INPROCEEDINGS{wang2018road,
    author = {Wang, Wenzhe and Wu, Bin and Yang, Sixiong and Wang, Zhixiang},
    booktitle = {2018 IEEE International Conference on Big Data (Big Data)},
    title = {Road Damage Detection and Classification with Faster R-CNN},
    year = {2018},
    volume = {},
    number = {},
    pages = {5220-5223},
    keywords = {Roads;Feature extraction;Training;Object detection;Conferences;Task analysis;Proposals;road damage detection;road damage classification;Faster R-CNN},
    doi = {10.1109/BigData.2018.8622354} }

%[27]

@INPROCEEDINGS{wang2018deep,
    author = {Wang, Yanbo J. and Ding, Ming and Kan, Shichao and Zhang, Shifeng and Lu, Chenyue},
    booktitle = {2018 IEEE International Conference on Big Data (Big Data)},
    title = {Deep Proposal and Detection Networks for Road Damage Detection and Classification},
    year = {2018},
    volume = {},
    number = {},
    pages = {5224-5227},
    keywords = {Roads;Object detection;Proposals;Feature extraction;Maintenance engineering;Predictive models;Training},
    doi = {10.1109/BigData.2018.8622599} }

%[28]

@InProceedings{He_2016_CVPR,
    author = {He, Kaiming and Zhang, Xiangyu and Ren, Shaoqing and Sun, Jian},
    title = {Deep Residual Learning for Image Recognition},
    booktitle = {Proceedings of the IEEE Conference on Computer Vision and Pattern Recognition (CVPR)},
    month = {June},
    pages = {770--778},
    year = {2016}
}

%[29]

@misc{vgg,
    title = {Very Deep Convolutional Networks for Large-Scale Image Recognition},
    author = {Karen Simonyan and Andrew Zisserman},
    year = {2015},
    eprint = {1409.1556},
    archivePrefix = {arXiv},
    primaryClass = {cs.CV},
    url = {https://arxiv.org/abs/1409.1556},
}

%[30]

@article{chen2020road,
    title = {Road Damage Detection and Classification Using Mask R-CNN with DenseNet Backbone.},
    author = {Chen, Qiqiang and Gan, Xinxin and Huang, Wei and Feng, Jingjing and Shim, H},
    journal = {Computers, Materials \& Continua},
    volume = {65},
    number = {3},
    year = {2020},
    doi = {10.32604/cmc.2020.011191}
}

%[31]

@InProceedings{He_2017_ICCV,
    author = {He, Kaiming and Gkioxari, Georgia and Dollar, Piotr and Girshick, Ross},
    title = {Mask R-CNN},
    booktitle = {Proceedings of the IEEE International Conference on Computer Vision (ICCV)},
    month = {Oct},
    pages = {2961--2969},
    year = {2017}
}

%[32]

@InProceedings{Huang_2017_CVPR,
    author = {Huang, Gao and Liu, Zhuang and van der Maaten, Laurens and Weinberger, Kilian Q.},
    title = {Densely Connected Convolutional Networks},
    booktitle = {Proceedings of the IEEE Conference on Computer Vision and Pattern Recognition (CVPR)},
    month = {July},
    year = {2017},
    pages = {4700--4708}
}

%[33]

article{rateke2021road,
title = {Road surface detection and differentiation considering surface damages},
author = {Rateke, Thales and von Wangenheim, Aldo},
journal = {Autonomous Robots},
volume = {45},
number = {2},
pages = {299--312},
year = {2021},
publisher = {Springer},
doi = {10.1007/s10514-020-09964-3}
}

%[34]

%[35]

@article{maeda2021generative,
    author = {Maeda, Hiroya and Kashiyama, Takehiro and Sekimoto, Yoshihide and Seto, Toshikazu and Omata, Hiroshi},
    title = {Generative adversarial network for road damage detection},
    journal = {Computer-Aided Civil and Infrastructure Engineering},
    volume = {36},
    number = {1},
    pages = {47-60},
    doi = {10.1111/mice.12561},
    url = {https://onlinelibrary.wiley.com/doi/abs/10.1111/mice.12561},
    year = {2021}
}

%[36]

@misc{karras2018progressive,
    title = {Progressive Growing of GANs for Improved Quality, Stability, and Variation},
    author = {Tero Karras and Timo Aila and Samuli Laine and Jaakko Lehtinen},
    year = {2018},
    eprint = {1710.10196},
    archivePrefix = {arXiv},
    primaryClass = {cs.NE},
    url = {https://arxiv.org/abs/1710.10196},
}

%[37]

@article{yin2021road,
    title = {Road damage detection and classification based on multi-level feature pyramids},
    author = {Yin, Junru and Qu, Jiantao and Huang, Wei and Chen, Qiqiang},
    journal = {KSII Transactions on Internet and Information Systems (TIIS)},
    volume = {15},
    number = {2},
    pages = {786--799},
    year = {2021},
    publisher = {Korean Society for Internet Information},
    doi = {https://doi.org/10.3837/tiis.2021.02.022}
}

%[38]

@article{zhao2019m2det,
    author = {Zhao, Qijie and Sheng, Tao and Wang, Yongtao and Tang, Zhi and Chen, Ying and Cai, Ling and Ling, Haibin},
    title = {M2Det: A Single-Shot Object Detector Based on Multi-Level Feature Pyramid Network},
    volume = {33},
    url = {https://ojs.aaai.org/index.php/AAAI/article/view/4962},
    DOI = {10.1609/aaai.v33i01.33019259},
    number = {01},
    journal = {Proceedings of the AAAI Conference on Artificial Intelligence},
    year = {2019},
    month = {Jul.},
    pages = {9259-9266} }

%[39]

@article{arya2021rdd2020,
    title = {RDD2020: An annotated image dataset for automatic road damage detection using deep learning},
    journal = {Data in Brief},
    volume = {36},
    pages = {107133},
    year = {2021},
    issn = {2352-3409},
    doi = {https://doi.org/10.1016/j.dib.2021.107133},
    url = {https://www.sciencedirect.com/science/article/pii/S2352340921004170},
    author = {Deeksha Arya and Hiroya Maeda and Sanjay Kumar Ghosh and Durga Toshniwal and Yoshihide Sekimoto}
}

%[49]

@article{shim2021road,
    title = {Road surface damage detection based on hierarchical architecture using lightweight auto-encoder network},
    journal = {Automation in Construction},
    volume = {130},
    pages = {103833},
    year = {2021},
    issn = {0926-5805},
    doi = {10.1016/j.autcon.2021.103833},
    url = {https://www.sciencedirect.com/science/article/pii/S0926580521002843},
    author = {Seungbo Shim and Jin Kim and Seong-Won Lee and Gye-Chun Cho},
    publisher = {Elsevier} }

%[50]

@Article{lin2021implementation,
    AUTHOR = {Lin, Yu-Chen and Chen, Wen-Hui and Kuo, Cheng-Hsuan},
    TITLE = {Implementation of Pavement Defect Detection System on Edge Computing Platform},
    JOURNAL = {Applied Sciences},
    VOLUME = {11},
    YEAR = {2021},
    NUMBER = {8},
    ARTICLE-NUMBER = {3725},
    URL = {https://www.mdpi.com/2076-3417/11/8/3725},
    ISSN = {2076-3417},
    DOI = {10.3390/app11083725},
    publisher = {MDPI}
}

%[51]

@INPROCEEDINGS{rehanak2022road,
    author = {C, Rehana K and G, Remya},
    booktitle = {2022 Third International Conference on Intelligent Computing Instrumentation and Control Technologies (ICICICT)},
    title = {Road Damage Detection and Classification Using YOLOv5},
    year = {2022},
    volume = {},
    number = {},
    pages = {489-494},
    doi = {10.1109/ICICICT54557.2022.9917763},
    organization = {IEEE} }


%[52]

@ARTICLE{su2022fsrdd,
    author = {Su, Binyi and Zhang, Hua and Wu, Zhaohui and Zhou, Zhong},
    journal = {IEEE Transactions on Intelligent Transportation Systems},
    title = {FSRDD: An Efficient Few-Shot Detector for Rare City Road Damage Detection},
    year = {2022},
    volume = {23},
    number = {12},
    pages = {24379-24388},
    doi = {10.1109/TITS.2022.3208188},
    publisher = {IEEE} }

%[53]

@article{arya2021deep,
    title = {Deep learning-based road damage detection and classification for multiple countries},
    author = {Arya, Deeksha and Maeda, Hiroya and Ghosh, Sanjay Kumar and Toshniwal, Durga and Mraz, Alexander and Kashiyama, Takehiro and Sekimoto, Yoshihide},
    journal = {Automation in Construction},
    volume = {132},
    pages = {103935},
    year = {2021},
    doi = {https://doi.org/10.1016/j.autcon.2021.103935},
    url = {https://www.sciencedirect.com/science/article/pii/S0926580521003861},
    publisher = {Elsevier}
}
%[54]
%和39重叠了

%[55]

@INPROCEEDINGS{arya2020global,
    author = {Arya, Deeksha and Maeda, Hiroya and Kumar Ghosh, Sanjay and Toshniwal, Durga and Omata, Hiroshi and Kashiyama, Takehiro and Sekimoto, Yoshihide},
    booktitle = {2020 IEEE International Conference on Big Data (Big Data)},
    title = {Global Road Damage Detection: State-of-the-art Solutions},
    year = {2020},
    volume = {},
    number = {},
    pages = {5533-5539},
    doi = {10.1109/BigData50022.2020.9377790},
    publisher = {IEEE} }

%[56]

@InProceedings{Hou_2021_CVPR,
    author = {Hou, Qibin and Zhou, Daquan and Feng, Jiashi},
    title = {Coordinate Attention for Efficient Mobile Network Design},
    booktitle = {Proceedings of the IEEE/CVF Conference on Computer Vision and Pattern Recognition (CVPR)},
    month = {June},
    year = {2021},
    pages = {13713-13722}
}

%[57]

@InProceedings{Hu_2018_CVPR,
    author = {Hu, Jie and Shen, Li and Sun, Gang},
    title = {Squeeze-and-Excitation Networks},
    booktitle = {Proceedings of the IEEE Conference on Computer Vision and Pattern Recognition (CVPR)},
    month = {June},
    year = {2018},
    pages = {7132--7141} }

%[58]

@InProceedings{Woo_2018_ECCV,
    author = {Woo, Sanghyun and Park, Jongchan and Lee, Joon-Young and Kweon, In So},
    title = {CBAM: Convolutional Block Attention Module},
    booktitle = {Proceedings of the European Conference on Computer Vision (ECCV)},
    month = {September},
    year = {2018},
    pages = {3--19}
}
%[59]

@InProceedings{liu_2018_CVPR,
    author = {Liu, Shu and Qi, Lu and Qin, Haifang and Shi, Jianping and Jia, Jiaya},
    title = {Path Aggregation Network for Instance Segmentation},
    booktitle = {Proceedings of the IEEE Conference on Computer Vision and Pattern Recognition (CVPR)},
    month = {June},
    year = {2018},
    pages = {8759--8768} }

%[60]

@InProceedings{Han_2020_CVPR,
    author = {Han, Kai and Wang, Yunhe and Tian, Qi and Guo, Jianyuan and Xu, Chunjing and Xu, Chang},
    title = {GhostNet: More Features From Cheap Operations},
    booktitle = {Proceedings of the IEEE/CVF Conference on Computer Vision and Pattern Recognition (CVPR)},
    month = {June},
    year = {2020},
    pages = {1580--1589} }


% RDD2022 数据集

@misc{arya2022rdd2022,
    title = {RDD2022: A multi-national image dataset for automatic Road Damage Detection},
    author = {Deeksha Arya and Hiroya Maeda and Sanjay Kumar Ghosh and Durga Toshniwal and Yoshihide Sekimoto},
    year = {2022},
    eprint = {2209.08538},
    archivePrefix = {arXiv},
    primaryClass = {cs.CV},
    url = {https://arxiv.org/abs/2209.08538},
    doi = {10.48550/arXiv.2209.08538}
}

% 遗漏的[44]

@INPROCEEDINGS{pham2020road,
    author = {Pham, Vung and Pham, Chau and Dang, Tommy},
    booktitle = {2020 IEEE International Conference on Big Data (Big Data)},
    title = {Road Damage Detection and Classification with Detectron2 and Faster R-CNN},
    year = {2020},
    volume = {},
    number = {},
    pages = {5592-5601},
    keywords = {Roads;Object detection;Predictive models;Big Data;Data models;Labeling;Task analysis;Object detection;Detectron2;Road damage detection;Faster R-CNN and classification;Transferable learning},
    doi = {10.1109/BigData50022.2020.9378027} }

% 缺少42 efficientdet M. Tan, R. Pang, and Q. V. Le, "Efficientdet: Scalable and efficient object detection," in Proceedings of the IEEE/CVF conference on 628
%computer vision and pattern recognition, 2020, pp. 10781-10790. 629

% 缺少45.	M.-T. Cao, Q.-V. Tran, N.-M. Nguyen, and K.-T. J. A. E. I. Chang, "Survey on performance of deep learning models for detecting road damages using multiple dashcam image resources," vol. 46, p. 101182, 2020.

% 43.	S. Naddaf-Sh, M.-M. Naddaf-Sh, A. R. Kashani, and H. Zargarzadeh, "An efficient and scalable deep learning approach for road damage detection," in 2020 IEEE International Conference on Big Data (Big Data), 2020, pp. 5602-5608: IEEE.

% 40.	V. Mandal, A. R. Mussah, and Y. Adu-Gyamfi, "Deep learning frameworks for pavement distress classification: A comparative analysis," in 2020 IEEE International Conference on Big Data (Big Data), 2020, pp. 5577-5583: IEEE.

%rdd2018不要引用吗?

% [44]